% ------------------------------------------------------------------------
% SAMPLE BIBLIOGRAPHY FILE
% ------------------------------------------------------------------------

@MISC{prime-number-theorem,
   author = "Charles Louis Xavier Joseph de la Vall{\'e}e Poussin",
   note = "A strong form of the prime number theorem, 19th century" }

% ------------------------------------------------------------------------

@BOOK{texbook,
   author = "Donald E. Knuth",
   title= "The {{\TeX}book}",
   publisher = "Addison-Wesley",
   year = 1984 }

@BOOK{latex,
   author = "Leslie Lamport",
   title = "{\LaTeX:} {A} Document Preparation System",
   publisher = "Addison-Wesley",
   year = 1986 }

% ------------------------------------------------------------------------

@BOOK{RR73,
 author={H. Radjavi and P. Rosenthal},
 title={Invariant {Subspaces}},
 publisher={Springer-Verlag},
 address={New York},
 year={1973},
}

% ------------------------------------------------------------------------

@ARTICLE{KPS75,
 author={H. W. Kim and C. Pearcy and A. L. Shields},
 title={Rank-One Commutators and Hyperinvariant Subspaces},
 journal={Michigan Math. J.},
 volume={22},
 number={3},
 year={1975},
 pages={193-194},
}

% --------------------------------------------------------------------------

@MASTERSTHESIS{Sim90,
 author={A. Simoni\v{c}},
 title={Grupe Operatorjev s Pozitivnim Spektrom},
 school={Univerza v Ljubljani, FNT, Oddelek za Matematiko},
 year={1990},
}

@UNPUBLISHED{Sim91,
 author={A. Simoni\v{c}},
 title={Notes on {Subharmonic} {Functions}},
 note={Lecture Notes, Dalhousie University,
       Department of Mathematics, Statistics, \& Computing Science},
 year={1991},
}

@PHDTHESIS{Sim94,
 author={A. Simoni\v{c}},
 title={An {Extension} of {Lomonosov's} {Techniques} to {Non}-{Compact}
       {Operators}},
 school={Dalhousie University,
         Department of Mathematics, Statistics, \& Computing Science},
 year={1994},
}
